<record><leader>00000cas a2200000 i 4500</leader><controlfield tag="001">14584592</controlfield><controlfield tag="008">861031d18891966inuwr ne      0    0eng c</controlfield><datafield ind1=" " ind2=" " tag="010"><subfield code="a">sn 86058898 </subfield></datafield><datafield ind1=" " ind2=" " tag="040"><subfield code="a">NPI</subfield><subfield code="b">eng</subfield><subfield code="e">rda</subfield><subfield code="c">NPI</subfield><subfield code="d">OCLCQ</subfield><subfield code="d">IUL</subfield><subfield code="d">OCLCF</subfield></datafield><datafield ind1="1" ind2=" " tag="029"><subfield code="a">AU@</subfield><subfield code="b">000025806925</subfield></datafield><datafield ind1=" " ind2=" " tag="042"><subfield code="a">pcc</subfield></datafield><datafield ind1=" " ind2=" " tag="043"><subfield code="a">n-us-in</subfield></datafield><datafield ind1="0" ind2="4" tag="245"><subfield code="a">The Brownsburg record.</subfield></datafield><datafield ind1=" " ind2="1" tag="264"><subfield code="a">Brownsburg, Ind. :</subfield><subfield code="b">W.L. Burns,</subfield><subfield code="c">1889-1966.</subfield></datafield><datafield ind1=" " ind2=" " tag="300"><subfield code="a">77 volumes</subfield></datafield><datafield ind1=" " ind2=" " tag="310"><subfield code="a">Weekly</subfield></datafield><datafield ind1=" " ind2=" " tag="336"><subfield code="a">text</subfield><subfield code="b">txt</subfield><subfield code="2">rdacontent</subfield></datafield><datafield ind1=" " ind2=" " tag="337"><subfield code="a">unmediated</subfield><subfield code="b">n</subfield><subfield code="2">rdamedia</subfield></datafield><datafield ind1=" " ind2=" " tag="338"><subfield code="a">volume</subfield><subfield code="b">nc</subfield><subfield code="2">rdacarrier</subfield></datafield><datafield ind1="0" ind2=" " tag="362"><subfield code="a">Vol. VI, no. 3 (Oct. 25, 1889)-83rd year, no. 36 (Jan. 27, 1966).</subfield></datafield><datafield ind1=" " ind2="0" tag="651"><subfield code="a">Brownsburg (Ind.)</subfield><subfield code="v">Newspapers.</subfield></datafield><datafield ind1=" " ind2="0" tag="651"><subfield code="a">Hendricks County (Ind.)</subfield><subfield code="v">Newspapers.</subfield></datafield><datafield ind1=" " ind2="7" tag="655"><subfield code="a">Newspapers.</subfield><subfield code="2">fast</subfield><subfield code="0">(OCoLC)fst01423814</subfield></datafield><datafield ind1=" " ind2="7" tag="651"><subfield code="a">Indiana</subfield><subfield code="z">Brownsburg.</subfield><subfield code="2">fast</subfield><subfield code="0">(OCoLC)fst01237919</subfield></datafield><datafield ind1=" " ind2="7" tag="651"><subfield code="a">Indiana</subfield><subfield code="z">Hendricks County.</subfield><subfield code="2">fast</subfield><subfield code="0">(OCoLC)fst01206786</subfield></datafield><datafield ind1=" " ind2=" " tag="752"><subfield code="a">United States</subfield><subfield code="b">Indiana</subfield><subfield code="c">Hendricks</subfield><subfield code="d">Brownsburg.</subfield></datafield><datafield ind1="0" ind2="0" tag="780"><subfield code="t">Modern era</subfield><subfield code="w">(DLC)sn 87055223</subfield><subfield code="w">(OCoLC)15089691</subfield></datafield><datafield ind1="0" ind2="7" tag="785"><subfield code="t">Brownsburg guide</subfield><subfield code="w">(DLC)sn 86058899</subfield><subfield code="w">(OCoLC)14584459</subfield></datafield><datafield ind1="0" ind2="7" tag="785"><subfield code="t">Guide (Brownsburg, Ind.)</subfield><subfield code="w">(DLC)sn 86058900</subfield><subfield code="w">(OCoLC)14715063</subfield></datafield><datafield ind1="4" ind2="1" tag="856"><subfield code="u">https://access.newspaperarchive.com/us/indiana/brownsburg/brownsburg-record/</subfield></datafield></record>